@article{alsharadqah_chernov_circle_fitting,
	author = {Al-sharadqah, Ali and Chernov, Nikolai},
	year = {2009},
	month = {07},
	pages = {},
	title = {Error analysis for circle fitting algorithms},
	volume = {3},
	journal = {Electronic Journal of Statistics},
	doi = {10.1214/09-EJS419}
}